@Article{test17a,
  author = 	 {W.-S. Chin and B.-W. Yuan and M.-Y. Yang, and C.-J. Lin},
  title = 	 {An efficient alternating Newton method for learning factorization machines},
  journal = 	 {Technical report},
  year = 	 {2016},
  OPTkey = 	 {},
  volume =	 {},
  number =	 {},
  pages =	 {}
}